<record><leader>00000cas a22000007a 4500</leader><controlfield tag="001">14218945</controlfield><controlfield tag="008">860915d19091981nvuwr ne      0    0eng d</controlfield><datafield ind1=" " ind2=" " tag="010"><subfield code="a">sn 86076376 </subfield></datafield><datafield ind1=" " ind2=" " tag="040"><subfield code="a">NNX</subfield><subfield code="b">eng</subfield><subfield code="c">NNX</subfield><subfield code="d">OCLCQ</subfield></datafield><datafield ind1=" " ind2=" " tag="042"><subfield code="a">msc</subfield></datafield><datafield ind1="0" ind2=" " tag="130"><subfield code="a">Ely record (Ely, Nev.)</subfield></datafield><datafield ind1="1" ind2="0" tag="245"><subfield code="a">Ely record.</subfield></datafield><datafield ind1="1" ind2="3" tag="246"><subfield code="a">Ely record and the daily times</subfield></datafield><datafield ind1=" " ind2=" " tag="260"><subfield code="a">Ely, Nev. :</subfield><subfield code="b">Ely Pub. Co.,</subfield><subfield code="c">1909-1981.</subfield></datafield><datafield ind1=" " ind2=" " tag="300"><subfield code="a">66 v. :</subfield><subfield code="b">ill.</subfield></datafield><datafield ind1=" " ind2=" " tag="310"><subfield code="a">Weekly</subfield></datafield><datafield ind1="0" ind2=" " tag="362"><subfield code="a">Vol. 4, no. 45 (Jan. 1, 1909)-v. 69, no. 4 (Aug. 15, 1981).</subfield></datafield><datafield ind1=" " ind2=" " tag="500"><subfield code="a">Title varies slightly as: Ely record and the daily times, Jan. 19, 1952-May 24, 1952.</subfield></datafield><datafield ind1=" " ind2=" " tag="515"><subfield code="a">Special election issue: Nov. 1, 1920.</subfield></datafield><datafield ind1=" " ind2=" " tag="515"><subfield code="a">Frequent misnumbering.</subfield></datafield><datafield ind1=" " ind2=" " tag="752"><subfield code="a">United States</subfield><subfield code="b">Nevada</subfield><subfield code="c">White Pine</subfield><subfield code="d">Ely.</subfield></datafield><datafield ind1="0" ind2="0" tag="780"><subfield code="t">Ely mining record</subfield><subfield code="w">(DLC)sn 86076377</subfield><subfield code="w">(OCoLC)14218926</subfield></datafield></record>